<Document xmlns="urn:iso:std:iso:20022:tech:xsd:camt.052.001.08">
	<BkToCstmrAcctRpt>
		<GrpHdr>
			<MsgId>DTLR</MsgId>
			<CreDtTm>2025-04-03T12:24:14</CreDtTm>
			<MsgPgntn>
				<PgNb>1</PgNb>
				<LastPgInd>true</LastPgInd>
			</MsgPgntn>
			<OrgnlBizQry>
				<MsgId>20250311231981435DTLRrequest1</MsgId>
				<MsgNmId>camt.060.001.05</MsgNmId>
				<CreDtTm>2025-04-03T12:24:14</CreDtTm>
			</OrgnlBizQry>
		</GrpHdr>
		<Rpt>
			<Id>IDAY</Id>
			<RptgSeq>
				<FrToSeq>
					<FrSeq>000001</FrSeq>
					<ToSeq>000064</ToSeq>
				</FrToSeq>
			</RptgSeq>
			<CreDtTm>2025-04-03T12:24:14</CreDtTm>
			<Acct>
				<Id>
					<Othr>
						<Id>B1QDRCQR</Id>
					</Othr>
				</Id>
			</Acct>
			<TxsSummry>
				<TtlDbtNtries>
					<NbOfNtries>94</NbOfNtries>
					<Sum>2871734.98</Sum>
				</TtlDbtNtries>
				<TtlNtriesPerBkTxCd>
					<NbOfNtries>6</NbOfNtries>
					<BkTxCd>
						<Prtry>
							<Cd>RCVD</Cd>
						</Prtry>
					</BkTxCd>
				</TtlNtriesPerBkTxCd>
			</TxsSummry>
			<Ntry>
				<Amt Ccy="USD">13139.57</Amt>
				<CdtDbtInd>CRDT</CdtDbtInd>
				<Sts>
					<Cd>BOOK</Cd>
				</Sts>
				<BkTxCd>
					<Prtry>
						<Cd>CRDT</Cd>
					</Prtry>
				</BkTxCd>
				<AddtlInfInd>
					<MsgNmId>pacs.008.001.08</MsgNmId>
				</AddtlInfInd>
				<NtryDtls>
					<TxDtls>
						<Refs>
							<MsgId>20250310B1QDRCQR000001</MsgId>
							<InstrId>20250331231981435InstructionId00001</InstrId>
							<UETR>8a562c67-ca16-48ba-b074-65581be6f011</UETR>
						</Refs>
						<RltdAgts>
							<InstgAgt>
								<FinInstnId>
									<ClrSysMmbId>
										<ClrSysId>
											<Cd>USABA</Cd>
										</ClrSysId>
										<MmbId>231981435</MmbId>
									</ClrSysMmbId>
								</FinInstnId>
							</InstgAgt>
							<InstdAgt>
								<FinInstnId>
									<ClrSysMmbId>
										<ClrSysId>
											<Cd>USABA</Cd>
										</ClrSysId>
										<MmbId>011104238</MmbId>
									</ClrSysMmbId>
								</FinInstnId>
							</InstdAgt>
						</RltdAgts>
						<LclInstrm>
							<Prtry>CTRC</Prtry>
						</LclInstrm>
					</TxDtls>
				</NtryDtls>
			</Ntry>
			<Ntry>
				<Amt Ccy="USD">278.47</Amt>
				<CdtDbtInd>CRDT</CdtDbtInd>
				<Sts>
					<Cd>BOOK</Cd>
				</Sts>
				<BkTxCd>
					<Prtry>
						<Cd>CRDT</Cd>
					</Prtry>
				</BkTxCd>
				<AddtlInfInd>
					<MsgNmId>pacs.008.001.08</MsgNmId>
				</AddtlInfInd>
				<NtryDtls>
					<TxDtls>
						<Refs>
							<MsgId>20250310B1QDRCQR000002</MsgId>
							<InstrId>20250331231981435InstructionId00001</InstrId>
							<UETR>8a562c67-ca16-48ba-b074-65581be6f011</UETR>
						</Refs>
						<RltdAgts>
							<InstgAgt>
								<FinInstnId>
									<ClrSysMmbId>
										<ClrSysId>
											<Cd>USABA</Cd>
										</ClrSysId>
										<MmbId>231981435</MmbId>
									</ClrSysMmbId>
								</FinInstnId>
							</InstgAgt>
							<InstdAgt>
								<FinInstnId>
									<ClrSysMmbId>
										<ClrSysId>
											<Cd>USABA</Cd>
										</ClrSysId>
										<MmbId>011104238</MmbId>
									</ClrSysMmbId>
								</FinInstnId>
							</InstdAgt>
						</RltdAgts>
						<LclInstrm>
							<Prtry>CTRC</Prtry>
						</LclInstrm>
					</TxDtls>
				</NtryDtls>
			</Ntry>
			<Ntry>
				<Amt Ccy="USD">1080.00</Amt>
				<CdtDbtInd>CRDT</CdtDbtInd>
				<Sts>
					<Cd>BOOK</Cd>
				</Sts>
				<BkTxCd>
					<Prtry>
						<Cd>CRDT</Cd>
					</Prtry>
				</BkTxCd>
				<AddtlInfInd>
					<MsgNmId>pacs.008.001.08</MsgNmId>
				</AddtlInfInd>
				<NtryDtls>
					<TxDtls>
						<Refs>
							<MsgId>20250310B1QDRCQR000003</MsgId>
							<InstrId>20250331231981435InstructionId00001</InstrId>
							<UETR>8a562c67-ca16-48ba-b074-65581be6f011</UETR>
						</Refs>
						<RltdAgts>
							<InstgAgt>
								<FinInstnId>
									<ClrSysMmbId>
										<ClrSysId>
											<Cd>USABA</Cd>
										</ClrSysId>
										<MmbId>231981435</MmbId>
									</ClrSysMmbId>
								</FinInstnId>
							</InstgAgt>
							<InstdAgt>
								<FinInstnId>
									<ClrSysMmbId>
										<ClrSysId>
											<Cd>USABA</Cd>
										</ClrSysId>
										<MmbId>011104238</MmbId>
									</ClrSysMmbId>
								</FinInstnId>
							</InstdAgt>
						</RltdAgts>
						<LclInstrm>
							<Prtry>CTRC</Prtry>
						</LclInstrm>
					</TxDtls>
				</NtryDtls>
			</Ntry>
		</Rpt>
	</BkToCstmrAcctRpt>
</Document>